<record><leader>00000cas a22000007a 4500</leader><controlfield tag="001">12812760</controlfield><controlfield tag="008">851118d18941906sduwr ne      0    0eng  </controlfield><controlfield tag="009">466</controlfield><datafield ind1=" " ind2=" " tag="010"><subfield code="a">sn 85042708 </subfield></datafield><datafield ind1=" " ind2=" " tag="040"><subfield code="a">DLC</subfield><subfield code="b">eng</subfield><subfield code="c">DLC</subfield><subfield code="d">SXN</subfield><subfield code="d">OCLCO</subfield><subfield code="d">OCLCF</subfield></datafield><datafield ind1="1" ind2=" " tag="029"><subfield code="a">AU@</subfield><subfield code="b">000021487450</subfield></datafield><datafield ind1=" " ind2=" " tag="042"><subfield code="a">msc</subfield></datafield><datafield ind1=" " ind2=" " tag="043"><subfield code="a">n-us-sd</subfield></datafield><datafield ind1="0" ind2="0" tag="050"><subfield code="a">Newspaper 9744-X</subfield></datafield><datafield ind1="0" ind2=" " tag="130"><subfield code="a">Republican-record (Faulkton, S.D.)</subfield></datafield><datafield ind1="0" ind2="4" tag="245"><subfield code="a">The Republican-record.</subfield></datafield><datafield ind1="1" ind2="0" tag="246"><subfield code="a">Republican record</subfield></datafield><datafield ind1=" " ind2=" " tag="260"><subfield code="a">Faulkton, S.D. :</subfield><subfield code="b">A.E. Evans,</subfield></datafield><datafield ind1=" " ind2=" " tag="300"><subfield code="a">v.</subfield></datafield><datafield ind1=" " ind2=" " tag="310"><subfield code="a">Weekly</subfield></datafield><datafield ind1="0" ind2=" " tag="362"><subfield code="a">Vol. 11, no. 27 (June 7, 1894)-v. 25, no. 46 (Sept. 28, 1906).</subfield></datafield><datafield ind1=" " ind2=" " tag="580"><subfield code="a">Merger of: Faulk County record (Faulkton, S.D. : 188u), and: Faulk County republican.</subfield></datafield><datafield ind1=" " ind2=" " tag="580"><subfield code="a">Absorbed: Faulk County times.</subfield></datafield><datafield ind1=" " ind2=" " tag="580"><subfield code="a">Continued by: Faulkton record.</subfield></datafield><datafield ind1=" " ind2="0" tag="651"><subfield code="a">Faulkton (S.D.)</subfield><subfield code="v">Newspapers.</subfield></datafield><datafield ind1=" " ind2="0" tag="651"><subfield code="a">Faulk County (S.D.)</subfield><subfield code="v">Newspapers.</subfield></datafield><datafield ind1=" " ind2="7" tag="655"><subfield code="a">Newspapers.</subfield><subfield code="2">fast</subfield><subfield code="0">(OCoLC)fst01423814</subfield></datafield><datafield ind1=" " ind2="7" tag="651"><subfield code="a">South Dakota</subfield><subfield code="z">Faulk County.</subfield><subfield code="2">fast</subfield><subfield code="0">(OCoLC)fst01205104</subfield></datafield><datafield ind1=" " ind2="7" tag="651"><subfield code="a">South Dakota</subfield><subfield code="z">Faulkton.</subfield><subfield code="2">fast</subfield><subfield code="0">(OCoLC)fst01887356</subfield></datafield><datafield ind1=" " ind2=" " tag="752"><subfield code="a">United States</subfield><subfield code="b">South Dakota</subfield><subfield code="c">Faulk</subfield><subfield code="d">Faulkton.</subfield></datafield><datafield ind1="0" ind2="5" tag="780"><subfield code="t">Faulk County times</subfield><subfield code="w">(DLC)sn 00065158</subfield></datafield><datafield ind1="1" ind2="4" tag="780"><subfield code="t">Faulk County record (Faulkton, S.D. : 188u)</subfield><subfield code="w">(DLC)sn 00065159</subfield></datafield><datafield ind1="1" ind2="4" tag="780"><subfield code="t">Faulk County republican</subfield><subfield code="w">(DLC)sn 00065161</subfield></datafield><datafield ind1="0" ind2="0" tag="785"><subfield code="t">Faulkton record</subfield><subfield code="w">(DLC)sn 00065163</subfield></datafield></record>